<record><leader>00000cas a22000007a 4500</leader><controlfield tag="001">19503999</controlfield><controlfield tag="008">890406d19151917nduwr ne      0    0eng d</controlfield><datafield ind1=" " ind2=" " tag="010"><subfield code="a">sn 89074084 </subfield></datafield><datafield ind1=" " ind2=" " tag="040"><subfield code="a">NOP</subfield><subfield code="b">eng</subfield><subfield code="c">NOP</subfield><subfield code="d">OCLCQ</subfield></datafield><datafield ind1=" " ind2=" " tag="042"><subfield code="a">msc</subfield></datafield><datafield ind1="0" ind2="0" tag="245"><subfield code="a">Mineral Springs tribune.</subfield></datafield><datafield ind1=" " ind2=" " tag="260"><subfield code="a">Mineral Springs, Slope County, N.D. :</subfield><subfield code="b">R.F. Pitsor</subfield></datafield><datafield ind1=" " ind2=" " tag="300"><subfield code="a">3 v. :</subfield><subfield code="b">ill. ;</subfield><subfield code="c">54 cm.</subfield></datafield><datafield ind1=" " ind2=" " tag="310"><subfield code="a">Weekly</subfield></datafield><datafield ind1="0" ind2=" " tag="362"><subfield code="a">Vol. 1, no. 5 (Mar. 5, 1915)-v.3, no. 35 (Sept. 28, 1917).</subfield></datafield><datafield ind1=" " ind2=" " tag="500"><subfield code="a">"Official paper of Slope County,."</subfield></datafield><datafield ind1=" " ind2=" " tag="530"><subfield code="a">Available on microfilm from the State Historical Society of North Dakota.</subfield></datafield><datafield ind1=" " ind2=" " tag="752"><subfield code="a">United States</subfield><subfield code="b">North Dakota</subfield><subfield code="c">Slope</subfield><subfield code="d">Mineral Springs.</subfield></datafield><datafield ind1="0" ind2="0" tag="780"><subfield code="t">Gascoyne advance</subfield><subfield code="w">(DLC)sn 89074085</subfield></datafield><datafield ind1="0" ind2="0" tag="785"><subfield code="t">Farmers press</subfield><subfield code="w">(DLC)sn 89074078</subfield></datafield></record>